<?xml version="1.0" encoding="UTF-8"?><record xmlns="http://www.loc.gov/MARC21/slim" xmlns:cinclude="http://apache.org/cocoon/include/1.0" xmlns:zs="http://www.loc.gov/zing/srw/">
  <leader>00410cz  a2200133n  4500</leader>
  <controlfield tag="001">n  84169963 </controlfield>
  <controlfield tag="003">DLC</controlfield>
  <controlfield tag="005">20081121081322.0</controlfield>
  <controlfield tag="008">841017n| acannaabn          |n aaa      </controlfield>
  <datafield tag="010" ind1=" " ind2=" ">
    <subfield code="a">n  84169963 </subfield>
  </datafield>
  <datafield tag="035" ind1=" " ind2=" ">
    <subfield code="a">(OCoLC)oca01216444</subfield>
  </datafield>
  <datafield tag="040" ind1=" " ind2=" ">
    <subfield code="a">DLC</subfield>
    <subfield code="b">eng</subfield>
    <subfield code="c">DLC</subfield>
    <subfield code="d">OCoLC</subfield>
  </datafield>
  <datafield tag="100" ind1="1" ind2=" ">
    <subfield code="a">Macaulay, Ambrose</subfield>
  </datafield>
  <datafield tag="670" ind1=" " ind2=" ">
    <subfield code="a">His Dr Russell of Maynooth, 1983:</subfield>
    <subfield code="b">t.p. (Ambrose Macaulay) jkt. (since 1970, chaplain at Queen's U., Belfast)</subfield>
  </datafield>
</record>